
@inproceedings{russakovsky2013detecting,
  title={Detecting avocados to zucchinis: what have we done, and where are we going?},
  author={Russakovsky, Olga and Deng, Jia and Huang, Zhiheng and Berg, Alexander C and Fei-Fei, Li},
  booktitle={Proceedings of the IEEE International Conference on Computer Vision},
  pages={2064--2071},
  year={2013}
}

@inproceedings{russakovsky2010attribute,
  title={Attribute learning in large-scale datasets},
  author={Russakovsky, Olga and Fei-Fei, Li},
  booktitle={European Conference on Computer Vision},
  pages={1--14},
  year={2010},
  organization={Springer}
}

@article{zarandi2011large,
  title={The large scale maximal covering location problem},
  author={Zarandi, MH Fazel and Davari, Soheil and Sisakht, SA Haddad},
  journal={Scientia Iranica},
  volume={18},
  number={6},
  pages={1564--1570},
  year={2011},
  publisher={Elsevier}
}

@article{cohen1960coefficient,
  title={A coefficient of agreement for nominal scales},
  author={Cohen, Jacob},
  journal={Educational and psychological measurement},
  volume={20},
  number={1},
  pages={37--46},
  year={1960},
  publisher={Sage Publications Sage CA: Thousand Oaks, CA}
}

@inproceedings{powers2012problem,
  title={The problem with kappa},
  author={Powers, David MW},
  booktitle={Proceedings of the 13th Conference of the European Chapter of the Association for Computational Linguistics},
  pages={345--355},
  year={2012},
  organization={Association for Computational Linguistics}
}

@article{sim2005kappa,
  title={The kappa statistic in reliability studies: use, interpretation, and sample size requirements},
  author={Sim, Julius and Wright, Chris C},
  journal={Physical therapy},
  volume={85},
  number={3},
  pages={257--268},
  year={2005},
  publisher={Oxford University Press}
}

@article{feinstein1990high,
  title={High agreement but low kappa: I. The problems of two paradoxes},
  author={Feinstein, Alvan R and Cicchetti, Domenic V},
  journal={Journal of clinical epidemiology},
  volume={43},
  number={6},
  pages={543--549},
  year={1990},
  publisher={Elsevier}
}

@inproceedings{har2003constraint,
  title={Constraint classification for multiclass classification and ranking},
  author={Har-Peled, Sariel and Roth, Dan and Zimak, Dav},
  booktitle={Advances in neural information processing systems},
  pages={809--816},
  year={2003}
}

@article{olaode2014,
author = {Olaode, Abass and Naghdy, Golshah and Todd, Catherine},
year = {2014},
month = {09},
pages = {2014-325},
title = {Unsupervised Classification of Images: A Review},
volume = {8},
journal = {International Journal of Image Processing}
}

@inproceedings{turk1991face,
  title={Face recognition using eigenfaces},
  author={Turk, Matthew and Pentland, Alex},
  booktitle={Proceedings. 1991 IEEE computer society conference on computer vision and pattern recognition},
  pages={586--587},
  year={1991}
}

@article{lata2009,
author = {Lata, Prof and Kiran, Chandra and Tungathurthi, Bharadwaj and Ram, H and Hanmanth, Ram Mohan Rao and Govardhan, Dr and Reddy, Dr},
year = {2009},
month = {04},
pages = {},
title = {Facial recognition using eigenfaces by PCA},
volume = {1},
journal = {SHORT PAPER International Journal of Recent Trends in Engineering}
}

@book{friedman2001elements,
  title={The elements of statistical learning},
  author={Friedman, Jerome and Hastie, Trevor and Tibshirani, Robert},
  volume={1},
  number={10},
  year={2001},
  publisher={Springer series in statistics New York}
}

@article{kramer1991nonlinear,
  title={Nonlinear principal component analysis using autoassociative neural networks},
  author={Kramer, Mark A},
  journal={AIChE journal},
  volume={37},
  number={2},
  pages={233--243},
  year={1991},
  publisher={Wiley Online Library}
}

@article{geng2015high,
  title={High-resolution SAR image classification via deep convolutional autoencoders},
  author={Geng, Jie and Fan, Jianchao and Wang, Hongyu and Ma, Xiaorui and Li, Baoming and Chen, Fuliang},
  journal={IEEE Geoscience and Remote Sensing Letters},
  volume={12},
  number={11},
  pages={2351--2355},
  year={2015},
  publisher={IEEE}
}

@article{chen2017deep,
  title={Deep features learning for medical image analysis with convolutional autoencoder neural network},
  author={Chen, Min and Shi, Xiaobo and Zhang, Yin and Wu, Di and Guizani, Mohsen},
  journal={IEEE Transactions on Big Data},
  year={2017},
  publisher={IEEE}
}

@book{gendzier1967denis,
  title={Denis Diderot's The Encyclopedia: selections; edited and translated by Stephen J. Genzier},
  author={Gendzier, Stephen J and Diderot, Denis},
  year={1967},
  publisher={Harper Torchbooks}
}

@inproceedings{nrw2018spargel,
  title={Heimvorteil Spargel - Selbst angebaut, selbst zubereitet! Anbautipps und Rezepte f{\"u}r Spargel},
  author={Weber, Karola and Quinckhardt, Katrin},
  year={2018},
  publisher={Landwirtschaftskammer Nordrhein-Westfalen},
  url={https://www.landwirtschaftskammer.de/verbraucher/rezepte/spargelrezepte.pdf},
  urldate = {2020-03-25} 
}

@online{spargelstatistik,
 title={Gem{\"u}seerhebung 2016 - Anbau und Ernte von Gem{\"u}se und Erdbeeren},
 author={{Statistisches Bundesamt (Destatis)}},
 year={2017},
 publisher={Statistisches Bundesamt},
 url={https://www.destatis.de/GPStatistik/receive/DEHeft_heft_00070882},
 urldate = {2020-03-25} 
}

@article{euspargelnorm,
 title={Verordnung (EG) Nr. 2377/1999 der Kommission vom 9. November 1999 zur Festsetzung der Vermarktungsnorm f{\"u}r Spargel},
 author={{Europ{\"a}ische Komission}},
 journal={Amtsblatt der Europ{\"a}ischen Gemeinschaften, OJ L 287, 10.11.1999, p. 6–11},
 year={1999},
 publisher={Europ{\"a}ische Komission},
 url={https://eur-lex.europa.eu/legal-content/DE/TXT/PDF/?uri=CELEX:31999R2377&from=DE},
 urldate = {2020-03-25} 
}

@online{unspargelnorm,
 title={UNECE STANDARD FFV-04 concerning the marketing and commercial quality control of asparagus},
 author={{United Nations Economic Commission for Europe (UNECE)}},
 year={2017},
 url={https://www.unece.org/trade/agr/standard/fresh/ffv-standardse.html},
 urldate = {2020-03-25} 
}


@online{studyregulations,
 title={Pr{\"u}fungsordnung f{\"u}r den Master Studiengang Cognitive Science},
 author={Fachbereich Humanwissenschaften {Universit{\"a}t Osnabr{\"u}ck}},
 year={2019},
 publisher={Universit{\"a}t Osnabr{\"u}ck},
 url={https://www.uni-osnabrueck.de/studium/im_studium/zugangs_zulassungs_und_pruefungsordnungen/fach_master/cognitive_science_msc.html},
 urldate = {2020-03-21}
}

@online{moduledescription,
 title={Modulbeschreibungen Cognitive Science},
 author={Fachbereich Humanwissenschaften {Universit{\"a}t Osnabr{\"u}ck}},
 year={2019},
 publisher={Universit{\"a}t Osnabr{\"u}ck},
 url={https://www.uni-osnabrueck.de/studium/im_studium/zugangs_zulassungs_und_pruefungsordnungen/fach_master/cognitive_science_msc.html},
 urldate = {2020-03-21}
}

@inproceedings{autoselectanleitung,
 title={Bedienungsanleitung Automatische Spargelsortiermaschine Autoselect},
 author={{HMF Hermeler Maschinenbau GmbH}},
 year={2015},
 publisher={HMF Hermeler Maschinenbau GmbH},
}

@book{bishop2006pattern,
  title={Pattern recognition and machine learning},
  author={Bishop, Christopher M},
  year={2006},
  publisher={Springer}
}

@book{geron2019hands,
  title={Hands-On Machine Learning with Scikit-Learn, Keras, and TensorFlow: Concepts, Tools, and Techniques to Build Intelligent Systems},
  author={G{\'e}ron, Aur{\'e}lien},
  year={2019},
  publisher={O'Reilly Media}
}

@techreport{zhu05survey,
 author={Xiaojin Zhu},
 title={Semi-Supervised Learning Literature Survey},
 institution ={Computer Sciences, University of Wisconsin-Madison},
 number={1530},
 year={2005},
 url={http://pages.cs.wisc.edu/~jerryzhu/pub/ssl_survey.pdf},
 urldate = {2020-02-16}
}

@article{figueroa2012predicting,
  title={Predicting sample size required for classification performance},
  author={Figueroa, Rosa L and Zeng-Treitler, Qing and Kandula, Sasikiran and Ngo, Long H},
  journal={BMC medical informatics and decision making},
  volume={12},
  number={1},
  pages={8},
  year={2012},
  publisher={Springer}
}

@inproceedings{caruana2006comparison,
author = {Caruana, Rich and Niculescu-Mizil, Alexandru},
title = {An Empirical Comparison of Supervised Learning Algorithms},
year = {2006},
isbn = {1595933832},
publisher = {Association for Computing Machinery},
address = {New York, NY, USA},
url = {https://doi.org/10.1145/1143844.1143865},
doi = {10.1145/1143844.1143865},
booktitle = {Proceedings of the 23rd International Conference on Machine Learning},
pages = {161–168},
numpages = {8},
location = {Pittsburgh, Pennsylvania, USA},
series = {ICML ’06}
}

@incollection{olivier2006semi,
  title={Semi-supervised learning},
  author={Olivier, Chapelle and Bernhard, Scholkopf and Alexander, Zien},
  booktitle={IEEE Transactions on Neural Networks},
  volume={20},
  number={3},
  pages={542--542},
  year={2006}
}

@article{daume2012course,
  title={A course in machine learning},
  author={Daum{\'e} III, Hal},
  journal={Publisher, ciml. info},
  volume={5},
  pages={69},
  year={2012}
}

@article{vgg2014original,
  title={Very deep convolutional networks for large-scale image recognition},
  author={Simonyan, Karen and Zisserman, Andrew},
  journal={arXiv preprint arXiv:1409.1556},
  year={2014}
}

@inproceedings{alexnet2012original,
  title={Imagenet classification with deep convolutional neural networks},
  author={Krizhevsky, Alex and Sutskever, Ilya and Hinton, Geoffrey E},
  booktitle={Advances in neural information processing systems},
  pages={1097--1105},
  year={2012}
}

@inproceedings{resnet2016original,
  title={Deep residual learning for image recognition},
  author={He, Kaiming and Zhang, Xiangyu and Ren, Shaoqing and Sun, Jian},
  booktitle={Proceedings of the IEEE conference on computer vision and pattern recognition},
  pages={770--778},
  year={2016}
}

@inproceedings{googlenet2015original,
  title={Going deeper with convolutions},
  author={Szegedy, Christian and Liu, Wei and Jia, Yangqing and Sermanet, Pierre and Reed, Scott and Anguelov, Dragomir and Erhan, Dumitru and Vanhoucke, Vincent and Rabinovich, Andrew},
  booktitle={Proceedings of the IEEE conference on computer vision and pattern recognition},
  pages={1--9},
  year={2015}
}

@inproceedings{capsulenet2017original,
  title={Dynamic routing between capsules},
  author={Sabour, Sara and Frosst, Nicholas and Hinton, Geoffrey E},
  booktitle={Advances in neural information processing systems},
  pages={3856--3866},
  year={2017}
}

@inproceedings{densenet2017original,
  title={Densely connected convolutional networks},
  author={Huang, Gao and Liu, Zhuang and Van Der Maaten, Laurens and Weinberger, Kilian Q},
  booktitle={Proceedings of the IEEE conference on computer vision and pattern recognition},
  pages={4700--4708},
  year={2017}
}


@article{lecun1995convolutional,
  title={Convolutional networks for images, speech, and time series},
  author={LeCun, Yann and Bengio, Yoshua and others},
  journal={The handbook of brain theory and neural networks},
  volume={3361},
  number={10},
  pages={1995},
  year={1995}
}

@inproceedings{prakash2012multi,
  title={Multi class Support Vector Machines classifier for machine vision application},
  author={Prakash, J Suriya and Vignesh, K Annamalai and Ashok, C and Adithyan, R},
  booktitle={2012 International Conference on Machine Vision and Image Processing (MVIP)},
  pages={197--199},
  year={2012},
  organization={IEEE}
}

@book{heaton2015aifh,
  title={AIFH, Volume 3: Deep Learning and Neural Networks},
  author={Heaton, Jeff},
  year={2015}
}

@article{kingma2014adam,
  title={Adam: A method for stochastic optimization},
  author={Kingma, Diederik P and Ba, Jimmy},
  journal={arXiv preprint arXiv:1412.6980},
  year={2014}
}

@article{zhang2015accelerating,
  title={Accelerating very deep convolutional networks for classification and detection},
  author={Zhang, Xiangyu and Zou, Jianhua and He, Kaiming and Sun, Jian},
  journal={IEEE transactions on pattern analysis and machine intelligence},
  volume={38},
  number={10},
  pages={1943--1955},
  year={2015},
  publisher={IEEE}
}

@incollection{bengio2012practical,
  title={Practical recommendations for gradient-based training of deep architectures},
  author={Bengio, Yoshua},
  booktitle={Neural networks: Tricks of the trade},
  pages={437--478},
  year={2012},
  publisher={Springer}
}

@article{pascanu2012understanding,
  title={Understanding the exploding gradient problem},
  author={Pascanu, Razvan and Mikolov, Tomas and Bengio, Yoshua},
  journal={CoRR, abs/1211.5063,},
  volume={2},
  pages={417},
  year={2012}
}

@article{he2009learning,
  title={Learning from imbalanced data},
  author={He, Haibo and Garcia, Edwardo A},
  journal={IEEE Transactions on knowledge and data engineering},
  volume={21},
  number={9},
  pages={1263--1284},
  year={2009},
  publisher={Ieee}
}

@article{batista2004study,
  title={A study of the behavior of several methods for balancing machine learning training data},
  author={Batista, Gustavo EAPA and Prati, Ronaldo C and Monard, Maria Carolina},
  journal={ACM SIGKDD explorations newsletter},
  volume={6},
  number={1},
  pages={20--29},
  year={2004},
  publisher={ACM New York, NY, USA}
}

@article{donis2016classification,
  title={Classification of processing asparagus sections using color images},
  author={Donis-Gonz{\'a}lez, Irwin R and Guyer, Daniel E},
  journal={Computers and Electronics in Agriculture},
  volume={127},
  pages={236--241},
  year={2016},
  publisher={Elsevier}
}

@article{mery2013automated,
  title={Automated design of a computer vision system for visual food quality evaluation},
  author={Mery, Domingo and Pedreschi, Franco and Soto, Alvaro},
  journal={Food and Bioprocess Technology},
  volume={6},
  number={8},
  pages={2093--2108},
  year={2013},
  publisher={Springer}
}

@incollection{pedreschi2016grading,
  title={Grading of potatoes},
  author={Pedreschi, Franco and Mery, Domingo and Marique, Thierry},
  booktitle={Computer vision technology for food quality evaluation},
  pages={369--382},
  year={2016},
  publisher={Elsevier}
}

@article{bhargava2018fruits,
  title={Fruits and vegetables quality evaluation using computer vision: A review},
  author={Bhargava, Anuja and Bansal, Atul},
  journal={Journal of King Saud University-Computer and Information Sciences},
  year={2018},
  publisher={Elsevier}
}

@article{diaz2004comparison,
  title={Comparison of three algorithms in the classification of table olives by means of computer vision},
  author={Diaz, R and Gil, L and Serrano, C and Blasco, M and Molt{\'o}, Enrique and Blasco, Jos{\'e}},
  journal={Journal of Food Engineering},
  volume={61},
  number={1},
  pages={101--107},
  year={2004},
  publisher={Elsevier}
}

@article{brosnan2002inspection,
  title={Inspection and grading of agricultural and food products by computer vision systems—a review},
  author={Brosnan, Tadhg and Sun, Da-Wen},
  journal={Computers and electronics in agriculture},
  volume={36},
  number={2-3},
  pages={193--213},
  year={2002},
  publisher={Elsevier}
}

@article{kilicc2007classification,
  title={A classification system for beans using computer vision system and artificial neural networks},
  author={K{\i}l{\i}{\c{c}}, K{\i}van{\c{c}} and Boyac{\i}, Ismail Hakki and K{\"o}ksel, Hamit and K{\"u}smeno{\u{g}}lu, {\.I}smail},
  journal={Journal of Food Engineering},
  volume={78},
  number={3},
  pages={897--904},
  year={2007},
  publisher={Elsevier}
}

@article{zhang2012classification,
  title={Classification of fruits using computer vision and a multiclass support vector machine},
  author={Zhang, Yudong and Wu, Lenan},
  journal={sensors},
  volume={12},
  number={9},
  pages={12489--12505},
  year={2012},
  publisher={Molecular Diversity Preservation International}
}

@article{al2011dates,
  title={Computer vision based date fruit grading system: Design and implementation},
  author={Al Ohali, Yousef},
  journal={Journal of King Saud University-Computer and Information Sciences},
  volume={23},
  number={1},
  pages={29--36},
  year={2011},
  publisher={Elsevier}
}

@article{lin2013network,
  title={Network in network},
  author={Lin, Min and Chen, Qiang and Yan, Shuicheng},
  journal={arXiv preprint arXiv:1312.4400},
  year={2013}
}

@article{mironczuk2018recent,
  title={A recent overview of the state-of-the-art elements of text classification},
  author={Miro{\'n}czuk, Marcin Micha{\l} and Protasiewicz, Jaros{\l}aw},
  journal={Expert Systems with Applications},
  volume={106},
  pages={36--54},
  year={2018},
  publisher={Elsevier}
}

@inproceedings{balaban2015deep,
  title={Deep learning and face recognition: The state of the art},
  author={Balaban, Stephen},
  booktitle={Biometric and Surveillance Technology for Human and Activity Identification XII},
  volume={9457},
  pages={94570B},
  year={2015},
  organization={International Society for Optics and Photonics}
}

@inproceedings{stallkamp2011german,
  title={The German traffic sign recognition benchmark: a multi-class classification competition},
  author={Stallkamp, Johannes and Schlipsing, Marc and Salmen, Jan and Igel, Christian},
  booktitle={The 2011 international joint conference on neural networks},
  pages={1453--1460},
  year={2011},
  organization={IEEE}
}

@inproceedings{he2016deep,
  title={Deep residual learning for image recognition},
  author={He, Kaiming and Zhang, Xiangyu and Ren, Shaoqing and Sun, Jian},
  booktitle={Proceedings of the IEEE conference on computer vision and pattern recognition},
  pages={770--778},
  year={2016}
}

@article{tjoa2019survey,
  title={A survey on explainable artificial intelligence (xai): Towards medical xai},
  author={Tjoa, Erico and Guan, Cuntai},
  journal={arXiv preprint arXiv:1907.07374},
  year={2019}
}

@inproceedings{gilpin2018explaining,
  title={Explaining explanations: An overview of interpretability of machine learning},
  author={Gilpin, Leilani H and Bau, David and Yuan, Ben Z and Bajwa, Ayesha and Specter, Michael and Kagal, Lalana},
  booktitle={2018 IEEE 5th International Conference on data science and advanced analytics (DSAA)},
  pages={80--89},
  year={2018},
  organization={IEEE}
}

@article{hubel1962receptive,
  title={Receptive fields, binocular interaction and functional architecture in the cat's visual cortex},
  author={Hubel, David H and Wiesel, Torsten N},
  journal={The Journal of physiology},
  volume={160},
  number={1},
  pages={106--154},
  year={1962},
  publisher={Wiley Online Library}
}

@article{russakovsky2015imagenet,
  title={Imagenet large scale visual recognition challenge},
  author={Russakovsky, Olga and Deng, Jia and Su, Hao and Krause, Jonathan and Satheesh, Sanjeev and Ma, Sean and Huang, Zhiheng and Karpathy, Andrej and Khosla, Aditya and Bernstein, Michael and others},
  journal={International journal of computer vision},
  volume={115},
  number={3},
  pages={211--252},
  year={2015},
  publisher={Springer}
}

@article{reeves1981metacontrast,
  title={Metacontrast in hue substitution},
  author={Reeves, Adam},
  journal={Vision Research},
  volume={21},
  number={6},
  pages={907--912},
  year={1981},
  publisher={Elsevier}
}

@article{luo2000review,
  title={A review of chromatic adaptation transforms},
  author={Luo, M Ronnier and others},
  journal={Review of Progress in Coloration and Related Topics},
  volume={30},
  pages={77--92},
  year={2000}
}

@book{zheng2018feature,
  title={Feature engineering for machine learning: principles and techniques for data scientists},
  author={Zheng, Alice and Casari, Amanda},
  year={2018},
  publisher={" O'Reilly Media, Inc."}
}

@inproceedings{al2018labeling,
  title={On the Labeling Correctness in Computer Vision Datasets.},
  author={Al-Rawi, Mohammed and Karatzas, Dimosthenis},
  booktitle={IAL@ PKDD/ECML},
  pages={1--23},
  year={2018}
}

@incollection{lecun2012efficient,
  title={Efficient backprop},
  author={LeCun, Yann A and Bottou, L{\'e}on and Orr, Genevieve B and M{\"u}ller, Klaus-Robert},
  booktitle={Neural networks: Tricks of the trade},
  pages={9--48},
  year={2012},
  publisher={Springer}
}

@article{gibaja2015,
 author = {Gibaja, Eva and Ventura, Sebastian},
 year = {2015},
 month = {04},
 pages = {},
 title = {A Tutorial on Multi-Label Learning},
 volume = {47},
 journal = {ACM Computing Surveys},
 doi = {10.1145/2716262}
}

@article{breiman2001random,
  title={Random forests},
  author={Breiman, Leo},
  journal={Machine learning},
  volume={45},
  number={1},
  pages={5--32},
  year={2001},
  publisher={Springer}
}

@online{gupta2018keras,
  author = {Gupta, Vikas},
  title = {{Keras Tutorial} Transfer Learning using pre-trained models},
  year = {2018},
  url = {https://www.learnopencv.com/keras-tutorial-transfer-learning-using-pre-trained-models},
  urldate = {2020-01-01}
}

@online{scikit2019neural,
  author = {Scikit-Learn},
  title = {{Neural network models (supervised)}},
  year = {2019},
  url = {https://scikit-learn.org/stable/modules/neural_networks_supervised.html},
  urldate = {2020-03-01}
}

@online{wang2019vanishing,
  author = {Wang, Chi-Feng},
  title = {{The Vanishing Gradient Problem} The Problem, Its Causes, Its Significance, and Its Solutions},
  year = {2019},
  url = {https://towardsdatascience.com/the-vanishing-gradient-problem-69bf08b15484},
  urldate = {2020-03-01}
}

@inproceedings{bao2017cvae,
  title={CVAE-GAN: fine-grained image generation through asymmetric training},
  author={Bao, Jianmin and Chen, Dong and Wen, Fang and Li, Houqiang and Hua, Gang},
  booktitle={Proceedings of the IEEE International Conference on Computer Vision},
  pages={2745--2754},
  year={2017}
}


@online{keras2020vae,
  author = {Scikit-Learn},
  title = {{Example of VAE on MNIST dataset using CNN}},
  year = {2020},
  url = {https://keras.io/examples/variational_autoencoder_deconv/},
  urldate = {2020-03-01}
}

@article{iglovikov2018ternausnet,
  title={Ternausnet: U-net with vgg11 encoder pre-trained on imagenet for image segmentation},
  author={Iglovikov, Vladimir and Shvets, Alexey},
  journal={arXiv preprint arXiv:1801.05746},
  year={2018}
}

@online{keng2017semi,
  author = {Keng, Brian},
  title = {{Semi-supervised Learning with Variational Autoencoders}},
  year = {2020},
  url = {http://bjlkeng.github.io/posts/semi-supervised-learning-with-variational-autoencoders/},
  urldate = {2020-03-01}
}


@article{ting2015zeitalter,
  author = {Ting, Marie},
  title = {Eine Region im neuen Zeitalter},
  year = {2015},
  journal = {Frankfurter Allgemeine Zeitung - Verlagsspezial},
  publisher = {Frankfurter Allgemeine Zeitung},
  url = {https://www.hering\-international.com/fileadmin/media/archive1/downloads/presseberichte/2015-09-23_FAZ_-_Verlagsspezial_Industrierregion_S\%C3\%BCdwestfalen_-_Textilbeton_f\%C3\%BCr_Dior.pdf},
  urldate = {2020-03-16}
}

@online{pil_quantization,
title={Image quantization used by the Python Image Library (PIL)},
author={{Python Image Library}},
year={2020},
url={https://github.com/python-pillow/Pillow/blob/55e5b7de6c41b0386660b0bee7784ac04f412f4b/src/libImaging/Quant.c},
urldate = {2020-03-25}
}

@online{how_many_images,
title={How many images do you need to train a neural network?},
author={{Warden, Pete}},
year={2017},
url={https://petewarden.com/2017/12/14/how-many-images-do-you-need-to-train-a-neural-network/},
urldate = {2020-03-25}
}

@online{blogpostMulti,
 author = {Franky, Frank},
 title = {{Multi-Label Classification and Class Activation Map on Fashion-MNIST}},
 year = {2018},
 url = {https://towardsdatascience.com/multi-label-classification-and-class-activation-map-on-fashion-mnist-1454f09f5925},
 urldate = {2020-04-21}
}

@article{bohling2006,
  title={Dimension reduction and cluster analysis},
  author={Bohling, Geoff},
  journal={Scientist, no. March},
  pages={1--22},
  year={2006}
}

@article{shlens2014,
  title={A tutorial on principal component analysis},
  author={Shlens, Jonathon},
  journal={arXiv preprint arXiv:1404.1100},
  year={2014}
}

@online{posterFlight,
 author = {Flight, Laura},
 title = {{The Disagreeable Behaviour of the Kappa Statistic}},
 year = {2018},
 url = {https://www.sheffield.ac.uk/polopoly_fs/1.404095!/file/RSS_Poster_Laura_Flight_Final.pdf},
 urldate = {2020-04-21}
}

@online{dataAPI,
 author = {Murray, Derek},
 title = {{Introduction to td.data}},
 year = {2019},
 url = {https://docs.google.com/presentation/d/16kHNtQslt-yuJ3w8GIx-eEH6t_AvFeQOchqGRFpAD7U/edit#slide=id.g254d08e080_0_67},
 urldate = {2020-04-21}
}

@online{KarpathyConvNet,
 author = {Karpathy, Andrej},
 title = {{What I learned from competing against a ConvNet on ImageNet}},
 year = {2014},
 url = {http://karpathy.github.io/2014/09/02/what-i-learned-from-competing-against-a-convnet-on-imagenet/},
 urldate = {2020-04-21}
}

@online{TopshelfProject,
 author = {{Topshelf Project}},
 title = {{An easy service hosting framework for building Windows services using .NET}},
 year = {2019},
 url = {https://github.com/Topshelf/Topshelf},
 urldate = {2020-04-21}
}

@online{FileSystemWatcher,
 author = {Microsoft},
 title = {{FileSystemWatcher Class}},
 year = {2019},
 url = {https://docs.microsoft.com/en-us/dotnet/api/system.io.filesystemwatcher?view=netframework-4.8},
 urldate = {2020-04-21}
}

@misc{wiki:precisionrecall,
    author = "{Wikipedia contributors}",
    title = "Precision and recall --- {Wikipedia}{,} The Free Encyclopedia",
    year = "2020",
    url = "https://en.wikipedia.org/w/index.php?title=Precision_and_recall&oldid=945184172",
    note = "[Online; accessed 21-April-2020]"
}

@online{hassan2018vgg,
 author = {{ul Hassan}, Muneeb},
 title = {VGG16 – Convolutional Network for Classification and Detection},
 year = {2018},
 url = {https://neurohive.io/en/popular-networks/vgg16/},
 urldate = {2020-04-24}
}

@online{hassan2019alexnet,
 author = {{ul Hassan}, Muneeb},
 title = {AlexNet – ImageNet Classification with Deep Convolutional Neural Networks},
 year = {2018},
 url = {https://neurohive.io/en/popular-networks/resnet/},
 urldate = {2020-04-24}
}

@online{hassan2019resnet,
 author = {{ul Hassan}, Muneeb},
 title = {ResNet (34, 50, 101): Residual CNNs for Image Classification Tasks},
 year = {2018},
 url = {https://neurohive.io/en/popular-networks/alexnet-imagenet-classification-with-deep-convolutional-neural-networks/},
 urldate = {2020-04-24}
}

@online{bushaev2018adam,
 author = {Bushaev, Vitaly},
 title = {Adam — latest trends in deep learning optimization.},
 year = {2018},
 url = {https://towardsdatascience.com/adam-latest-trends-in-deep-learning-optimization-6be9a291375c},
 urldate = {2020-04-24}
}

@online{godoy2018understanding,
 author = {Godoy, Daniel},
 title = {Understanding binary cross-entropy / log loss: a visual explanation},
 year = {2018},
 url = {https://towardsdatascience.com/understanding-binary-cross-entropy-log-loss-a-visual-explanation-a3ac6025181a},
 urldate = {2020-04-24}
}

@online{dertat2017applied,
 author = {Dertat, Arden},
 title = {Applied Deep Learning - Part 1: Artificial Neural Networks},
 year = {2017},
 url = {https://towardsdatascience.com/applied-deep-learning-part-1-artificial-neural-networks-d7834f67a4f6},
 urldate = {2020-04-24}
}

@online{bettilyon2018classify,
 author = {Bettilyon, Tyler Elliot},
 title = {How to classify MNIST digits with different neural network architectures},
 year = {2018},
 url = {https://medium.com/tebs-lab/how-to-classify-mnist-digits-with-different-neural-network-architectures-39c75a0f03e3},
 urldate = {2020-04-24}
}

@online{brownlee2019augmentation,
 author = {Brownlee, Jason},
 title = {How to Configure Image Data Augmentation in Keras},
 year = {2019},
 url = {https://machinelearningmastery.com/how-to-configure-image-data-augmentation-when-training-deep-learning-neural-networks/},
 urldate = {2020-04-24}
}

@article{mchugh2012interrater,
author = {McHugh, Mary},
year = {2012},
pages = {276-82},
title = {Interrater reliability: The kappa statistic},
volume = {22},
journal = {Biochemia medica : časopis Hrvatskoga društva medicinskih biokemičara / HDMB},
doi = {10.11613/BM.2012.031}
}

@book{szeliski2010computer,
  title={Computer vision: algorithms and applications},
  author={Szeliski, Richard},
  year={2010},
  publisher={Springer Science \& Business Media}
}

@article{LeCun2015,
  doi = {10.1038/nature14539},
  url = {https://doi.org/10.1038/nature14539},
  year = {2015},
  publisher = {Springer Science and Business Media {LLC}},
  volume = {521},
  number = {7553},
  pages = {436--444},
  author = {Yann LeCun and Yoshua Bengio and Geoffrey Hinton},
  title = {Deep learning},
  journal = {Nature}
}

@INPROCEEDINGS{Vijayarekha2008,
  author={K. {Vijayarekha}},
  booktitle={2008 34th Annual Conference of IEEE Industrial Electronics}, 
  title={Multivariate image analysis for defect identification of apple fruit images}, 
  year={2008},
  volume={},
  number={},
  pages={1499-1503}
}


@article{Zhu2007,
    Author = {Bin Zhu and Lu Jiang and Yaguang Luo and Yang Tao},
    Doi = {https://doi.org/10.1016/j.jfoodeng.2007.01.008},
    Issn = {0260-8774},
    Journal = {Journal of Food Engineering},
    Keywords = {Gabor wavelet, Principal component analysis (PCA), Kernel PCA, Gabor-based kernel PCA, Apple quality inspection, Near-infrared},
    Number = {4},
    Pages = {741 - 749},
    Title = {Gabor feature-based apple quality inspection using kernel principal component analysis},
    Url = {http://www.sciencedirect.com/science/article/pii/S0260877407000489},
    Volume = {81},
    Year = {2007},
}




@inproceedings{Jhuria2013,
    Author = {Jhuria, Monika and Kumar, Ashwani and Borse, Rushikesh},
    Doi = {10.1109/ICIIP.2013.6707647},
    Isbn = {978-1-4673-6099-9},
    Journal = {2013 IEEE 2nd International Conference on Image Information Processing, IEEE ICIIP 2013},
    Month = {12},
    Pages = {521-526},
    Title = {Image processing for smart farming: Detection of disease and fruit grading},
    Year = {2013},
    URL = {https://doi.org/10.1109/ICIIP.2013.6707647}
}


@article {Pujari2014,
      author = {Jagadeesh D. Pujari and Rajesh Yakkundimath and Abdulmunaf S. Byadgi},
      title = {Recognition and classification of Produce affected by identically looking Powdery Mildew disease},
      journal = {Acta Technologica Agriculturae},
      year = {2014},
      publisher = {Sciendo},
      address = {Berlin},
      volume = {17},
      number = {2},
      Pages = {29 - 34},
      url = {https://content.sciendo.com/view/journals/ata/17/2/article-p29.xml}
}


@article{Liming2010,
Author = {Xu Liming and Zhao Yanchao},
    Doi = {https://doi.org/10.1016/j.compag.2009.09.013},
    Issn = {0168-1699},
    Journal = {Computers and Electronics in Agriculture},
    Keywords = {Strawberry, Grading system, Image processing, -means clustering method, The Dominant Colour method, Multi-attribute Decision Making Theory},
    Note = {Special issue on computer and computing technologies in agriculture},
    Pages = {S32 - S39},
    Title = {Automated strawberry grading system based on image processing},
    Url = {http://www.sciencedirect.com/science/article/pii/S016816990900204X},
    Volume = {71},
    Year = {2010},
}


@article{Garrido-Novell2012,
    Author = {Crist{\'o}bal Garrido-Novell and Dolores P{\'e}rez-Marin and Jose M. Amigo and Juan Fern{\'a}ndez-Novales and Jose E. Guerrero and Ana Garrido-Varo},
    Doi = {https://doi.org/10.1016/j.jfoodeng.2012.05.038},
    Issn = {0260-8774},
    Journal = {Journal of Food Engineering},
    Keywords = {Hyperspectral imaging, Imaging processing, RGB imaging, Apples, Color evolution, Shelf-life, Linear discriminant analysis, PLS-DA},
    Number = {2},
    Pages = {281 - 288},
    Title = {Grading and color evolution of apples using RGB and hyperspectral imaging vision cameras},
    Url = {http://www.sciencedirect.com/science/article/pii/S0260877412002701},
    Volume = {113},
    Year = {2012},
}


@article{Kondo2010,
    Author = {Naoshi Kondo},
    Doi = {https://doi.org/10.1016/j.tifs.2009.09.002},
    Issn = {0924-2244},
    Journal = {Trends in Food Science \& Technology},
    Note = {Advances in Food Processing and Packaging Automation},
    Number = {3},
    Pages = {145 - 152},
    Title = {Automation on fruit and vegetable grading system and food traceability},
    Url = {http://www.sciencedirect.com/science/article/pii/S0924224409002611},
    Volume = {21},
    Year = {2010}
}

